@inproceedings{rohil2018natural,
  title={Natural language interfaces to domain specific knowledge bases: an illustration for querying elements of the periodic table},
  author={Rohil, Mukesh Kumar and Rohil, Rohan Kumar and Rohil, Divyesakshi and Runthala, Anurag},
  booktitle={2018 IEEE 17th International Conference on Cognitive Informatics \& Cognitive Computing (ICCI* CC)},
  pages={517--523},
  year={2018},
  organization={IEEE}
}

@inproceedings{elfaki2019mapping,
  title={Mapping ERD to knowledge graph},
  author={Elfaki, Abdelrahman and Aljaedi, Amer and Duan, Yucong},
  booktitle={2019 IEEE World Congress on Services (SERVICES)},
  volume={2642},
  pages={110--114},
  year={2019},
  organization={IEEE}
}

@misc{JPL,
  key = {JPL},
  howpublished = "\url{https://jpl7.org/}"
}

 @misc{pypi,
    key = {pypi},
    howpublished = "\url{https://pypi.org/project/pyswip/}"
 }

@article{gupta2013complex,
  title={Complex Aggregates In Natural Language Interface To Databases},
  author={Gupta, Abhijeet},
  journal={International Institute of Information Technology, Hyderabad},
  year={2013}
}


@inproceedings{setlur2016eviza,
  title={Eviza: A natural language interface for visual analysis},
  author={Setlur, Vidya and Battersby, Sarah E and Tory, Melanie and Gossweiler, Rich and Chang, Angel X},
  booktitle={Proceedings of the 29th annual symposium on user interface software and technology},
  pages={365--377},
  year={2016}
}

@misc{baeldungFirstOrderLogic,
    key = {baeldungFirstOrderLogic},
	author = {},
	title = {{F}irst-{O}rder {L}ogic | {B}aeldung on {C}omputer {S}cience --- baeldung.com},
	howpublished = {\url{https://www.baeldung.com/cs/first-order-logic}},
	year = {},
	note = {[Accessed 11-Aug-2022]},
}


@misc{pythonWelcomePythonorg,
    key = {pythonWelcomePythonorg},
	author = {},
	title = {{W}elcome to {P}ython.org --- python.org},
	howpublished = {\url{https://www.python.org/about/}},
	year = {},
	note = {[Accessed 11-Aug-2022]},
}

@misc{ibmWhatNatural,
    key = {ibmWhatNatural},
	author = {},
	title = {{W}hat is {N}atural {L}anguage {P}rocessing? --- ibm.com},
	howpublished = {\url{https://www.ibm.com/cloud/learn/natural-language-processing}},
	year = {},
	note = {[Accessed 11-Aug-2022]},
}

@misc{swiprologManual,
    key = {swiprologManual},
	author = {},
	title = {manual --- swi-prolog.org},
	howpublished = {\url{https://www.swi-prolog.org/pldoc/doc_for?object=manual}},
	year = {},
	note = {[Accessed 11-Aug-2022]},
}
